<?xml version='1.0' encoding='utf-8'?>
<record xmlns="http://www.loc.gov/MARC21/slim" xmlns:xsi="http://www.w3.org/2001/XMLSchema-instance">
  <leader>00000npcaa22003131a^4500</leader>
  <controlfield tag="001">002868216</controlfield>
  <controlfield tag="005">20120822112814.0</controlfield>
  <controlfield tag="007">hd^afa---bccp</controlfield>
  <controlfield tag="008">940811i19321954miu^^^^^^^^^^^^^^^^^eng^d</controlfield>
  <datafield tag="035" ind1=" " ind2=" ">
    <subfield code="a">(RLIN)MIUV94-A47</subfield>
  </datafield>
  <datafield tag="035" ind1=" " ind2=" ">
    <subfield code="a">(OCoLC)ocm34420883</subfield>
  </datafield>
  <datafield tag="040" ind1=" " ind2=" ">
    <subfield code="a">MiU-H</subfield>
    <subfield code="c">MiU-H</subfield>
    <subfield code="e">appm</subfield>
  </datafield>
  <datafield tag="100" ind1="1" ind2=" ">
    <subfield code="a">Leonard, Donald S.</subfield>
    <subfield code="q">(Donald Sparling),</subfield>
    <subfield code="d">1903-1976.</subfield>
  </datafield>
  <datafield tag="245" ind1="1" ind2="0">
    <subfield code="a">Donald S. Leonard Michigan State Police files</subfield>
    <subfield code="h">[microform],</subfield>
    <subfield code="f">1932-1954.</subfield>
  </datafield>
  <datafield tag="300" ind1=" " ind2=" ">
    <subfield code="a">2 microfilm reels :</subfield>
    <subfield code="b">positive.</subfield>
  </datafield>
  <datafield tag="545" ind1=" " ind2=" ">
    <subfield code="a">Commissioner of the Michigan State Police, 1947-1952.</subfield>
  </datafield>
  <datafield tag="520" ind1=" " ind2=" ">
    <subfield code="a">Selective files relating to his career with the Michigan State Police including his investigation of the Warren G. Hooper murder and the shooting of Walter Reuther; also miscellaneous files concerning the policy of the police toward industrial strikes within Michigan.</subfield>
  </datafield>
  <datafield tag="500" ind1=" " ind2=" ">
    <subfield code="a">Donor: 6100</subfield>
  </datafield>
  <datafield tag="530" ind1=" " ind2=" ">
    <subfield code="a">Original available.</subfield>
  </datafield>
  <datafield tag="600" ind1="1" ind2="0">
    <subfield code="a">Hooper, Warren G.</subfield>
    <subfield code="x">Assassination.</subfield>
  </datafield>
  <datafield tag="610" ind1="2" ind2="0">
    <subfield code="a">Michigan State Police.</subfield>
  </datafield>
  <datafield tag="600" ind1="1" ind2="0">
    <subfield code="a">Reuther, Walter,</subfield>
    <subfield code="d">1907-1970.</subfield>
  </datafield>
  <datafield tag="650" ind1=" " ind2="0">
    <subfield code="a">Strikes and lockouts</subfield>
    <subfield code="z">Michigan.</subfield>
  </datafield>
  <datafield tag="776" ind1="0" ind2=" ">
    <subfield code="a">Leonard, Donald S.</subfield>
    <subfield code="7">p1bc</subfield>
    <subfield code="t">Donald S. Leonard papers, 1925-1966.</subfield>
    <subfield code="w">(CStRLIN)MIUV85-A530</subfield>
  </datafield>
  <datafield tag="852" ind1="8" ind2=" ">
    <subfield code="a">MiU-H</subfield>
    <subfield code="b">BENT</subfield>
    <subfield code="h">9447 mf 250c-251c</subfield>
  </datafield>
  <datafield tag="997" ind1=" " ind2=" ">
    <subfield code="a">MARS</subfield>
  </datafield>
  <datafield tag="998" ind1=" " ind2=" ">
    <subfield code="s">9554</subfield>
  </datafield>
  <datafield tag="955" ind1=" " ind2=" ">
    <subfield code="b">BENT</subfield>
    <subfield code="p">B1140443</subfield>
  </datafield>
</record>
